@article{kuhn2008fame,
    Author = {Kuhn, Adrian and Verwaest, Toon Wim Jan},
    Journal = {3rd International Workshop on Models@Runtime},
    Title = {FAME, a polyglot library for metamodeling at runtime},
    Year = {2008},
    pages={10}
}

@InProceedings{atkinson11,
    author="Atkinson, Colin
	and Kennel, Bastian
	and Go{\ss}, Bj{\"o}rn",
    editor="Malloy, Brian
	and Staab, Steffen
	and van den Brand, Mark",
    title="The Level-Agnostic Modeling Language",
    booktitle="Software Language Engineering",
    year="2011",
    publisher="Springer Berlin Heidelberg",
    address="Berlin, Heidelberg",
    pages="266--275",
    isbn="978-3-642-19440-5"
}

@InProceedings{silva20,
  author    = {Silva, Caine and Guérin, Sylvain and Mazo, Raul and Champeau, Joel},
  editor    = {Melanie Volkamer},
  title     = {Contract-based design patterns: A Design by Contract Approach to
    Specify Security Patterns},
  booktitle = {Proceedings of the 15th International Conference on Availability, Reliability and Security},
  year      = {2020},
  isbn      = {9781450388337},
  address   = {New York, NY, USA},
  series    = {ARES '20},
  publisher = {Association for Computing Machinery},
  articleno = {66},
  doi       = {10.1145/3407023.3409185},
  keywords  = {design by contract, security by design, security patterns},
  location  = {Virtual Event, Ireland},
  numpages  = {9},
  url       = {https://doi.org/10.1145/3407023.3409185},
}


@article{pawlak2016,
    author= {Renaud Pawlak and Martin Monperrus and Nicolas Petitprez and Carlos Noguera and Lionel Seinturier},
    title = {SPOON: A library for implementing analyses and transformations of Java source code},
    journal = {Software: Practice and Experience},
    volume = 46,
    pages = {1155 -- 1179},
    year = 2016,
    DOI = {10.1002/spe.2346}
}

@INPROCEEDINGS{boronat2019,
  author={A. {Boronat}},
  booktitle={2019 34th IEEE/ACM International Conference on Automated Software Engineering (ASE)}, 
  title={Code-First Model-Driven Engineering: On the Agile Adoption of MDE Tooling}, 
  month={Nov},
  year={2019},
  volume={},
  number={},
  pages={874-886},
  doi={10.1109/ASE.2019.00086},
  issn={2643-1572},
  publisher={IEEE}
}

@inproceedings{song2010applying,
  title={Applying MDE tools at runtime: experiments upon runtime models},
  author={Song, Hui and Huang, Gang and Chauvel, Franck and Sun, Yanshun},
  booktitle={Proceedings of the 5th International Workshop on Models at Run Time},
  month={Oct},
  year={2010},
  URL = {https://hal.inria.fr/inria-00560785},
  address = {Oslo, Norway},
  editor = {Nelly Becomo and Gordon Blair and Franck Fleurey},
  pages = {15},
  pdf = {https://hal.inria.fr/inria-00560785/file/2010-MRT.pdf},
  hal_id = {inria-00560785},
}

@InProceedings{shigueru2000,
author="Chiba, Shigeru",
editor="Bertino, Elisa",
title="Load-Time Structural Reflection in Java",
booktitle="ECOOP 2000 --- Object-Oriented Programming",
year="2000",
publisher="Springer Berlin Heidelberg",
address="Berlin, Heidelberg",
pages="313--336",
isbn="978-3-540-45102-0"
}

@book{stahl2006model,
  title={Model-driven software development: technology, engineering, management},
  author={Stahl, Thomas and Voelter, Markus and Czarnecki, Krzysztof},
  year={2006},
  address = {Chichester},
  publisher={John Wiley \& Sons, Inc.},
}

@online{PAMELAWebSite,
  author = {Openflexo team},
  title = {{PAMELA} modelling framework},
  year = 2020,
  url = {https://pamela.openflexo.org},
  urldate = {2020-09-15},
  organization={ENSTA Bretagne, IMT Atlantique and Lab-STICC}

}

@online{OpenflexoWebSite,
  author = {Openflexo team},
  title = {{Openflexo} infrastructure},
  year = 2020,
  url = {https://www.openflexo.org},
  urldate = {2020-09-15},
  organization={ENSTA Bretagne, IMT Atlantique and Lab-STICC}
}

@online{FormoseWebSite,
  author = {Formose team},
  title = {{Formose} ANR project},
  year = 2020,
  url = {http://formose.lacl.fr/},
  urldate = {2020-09-15},
  organization={ENSTA Bretagne, IMT Atlantique and Lab-STICC}

}

@online{FormodWebSite,
  author = {IMT Atlantique},
  title = {{Formod} prototype},
  year = 2020,
  url = {http://formose.lacl.fr/deliverable-d22c/},
  urldate = {2020-09-15},
  organization={ENSTA Bretagne, IMT Atlantique and Lab-STICC}
}

@inproceedings{lethbridge2016merging,
  title={Merging modeling and programming using Umple},
  author={Lethbridge, Timothy C and Abdelzad, Vahdat and Orabi, Mahmoud Husseini and Orabi, Ahmed Husseini and Adesina, Opeyemi},
  booktitle={International Symposium on Leveraging Applications of Formal Methods},
  pages={187--197},
  year={2016},
  editor    = {Margaria, Tiziana and Steffen, Bernhard},
  address   = {Cham},
  publisher = {Springer International Publishing},
  organization={Springer},
  isbn      = {978-3-319-47169-3}
}

@article{bencomo2019models,
  title={Models@ run. time: a guided tour of the state of the art and research challenges},
  author={Bencomo, Nelly and G{\"o}tz, Sebastian and Song, Hui},
  journal={Software \& Systems Modeling},
  volume={18},
  number={5},
  pages={3049--3082},
  year={2019},
  publisher={Springer}
}

@inproceedings{kermeta,
  title={Model driven language engineering with kermeta},
  author={J{\'e}z{\'e}quel, Jean-Marc and Barais, Olivier and Fleurey, Franck},
  booktitle={International Summer School on Generative and Transformational Techniques in Software Engineering},
  pages={201--221},
  year={2009},
  organization={Springer}
}

@inproceedings{platypus,
  title={PLATYPUS: A STEP-based integration framework},
  author={Plantec, Alain and Ribaud, Vincent},
  booktitle={IDIMT 2006},
  pages={261--274},
  year={2006}
}

@inproceedings{accontract,
  title={AC-contract: Run-time verification of context-aware applications},
  author={Mongiello, Marina and Pelliccione, Patrizio and Sciancalepore, Massimo},
  booktitle={2015 IEEE/ACM 10th International Symposium on Software Engineering for Adaptive and Self-Managing Systems},
  pages={24--34},
  year={2015},
  organization={IEEE}
}

@inproceedings{ramses,
  title={RAMSES: a reflective middleware for software evolution},
  author={Cazzola, Walter and Ghoneim, Ahmed and Saake, Gunter},
  booktitle={Proceedings of the 1st ECOOP Workshop on Reflection, AOP and Meta-Data for Software Evolution (RAM-SE’04), in 18th European Conference on Object-Oriented Programming (ECOOP’04)},
  pages={21--26},
  year={2004},
  organization={Citeseer}
}

@inproceedings{denker2010modeling,
  title={Modeling features at runtime},
  author={Denker, Marcus and Ressia, Jorge and Greevy, Orla and Nierstrasz, Oscar},
  booktitle={International Conference on Model Driven Engineering Languages and Systems},
  pages={138--152},
  year={2010},
  organization={Springer}
}

@book{buschmann2008pattern,
  title={Pattern-Oriented Software Architecture: A System of Patterns, Volume 1},
  author={Buschmann, Frank and Meunier, Regine and Rohnert, Hans and Sommerlad, Peter and Stal, Michael},
  volume={1},
  year={2008},
  publisher={John wiley \& sons}
}

